/home/hexiang/Bib-Files/refmech.bib